#Books
#==================================================================================#
@book{voinov2012unbiased,
  title={Unbiased Estimators and Their Applications: Volume 1: Univariate Case},
  author={Voinov, V.G. and Nikulin, M.S.},
  isbn={9789401119702},
  series={Mathematics and Its Applications},
  year={2012},
  publisher={Springer Netherlands}
}

@TechReport{clusterdata:Reiss2011,
  author = {Charles Reiss and John Wilkes and Joseph L. Hellerstein},
  title = {{Google} cluster-usage traces: format + schema},
  institution = {Google Inc.},
  year = 2011,
  month = Nov,
  type = {Technical Report},
  note = {Revised 2014-11-17 for version 2.1.  Posted at
	\url{https://github.com/google/cluster-data}},
}

@article{albert1999diameter,
  title={Diameter of the world-wide web},
  author={Albert, R{\'e}ka and Jeong, Hawoong and Barab{\'a}si, Albert-L{\'a}szl{\'o}},
  journal={nature},
  volume={401},
  number={6749},
  pages={130--131},
  year={1999},
  publisher={Nature Publishing Group}
}

@book{sutton1998,
    title={Introduction to reinforcement learning},
    author={Sutton, Richard S and Barto, Andrew G},
    volume={135},
    year={1998},
    publisher={MIT press Cambridge}
}

@book{dp-control,
    author = {Bertsekas, Dimitri P.},
    title = {Dynamic Programming and Optimal Control},
    year = {2000},
    isbn = {1886529094},
    publisher = {Athena Scientific},
    edition = {2nd}
}

@article{Little1961,
    author={Little, John D. C.},
    title={A Proof for the Queuing Formula: L = {$\lambda$}W},
    journal={Oper. Res.},
    issue_date={June 1961},
    volume={9},
    number={3},
    month=jun,
    year={1961},
    issn={0030-364X},
    pages={383--387},
    numpages={5},
    acmid={2772699},
    publisher={INFORMS},
}
#==================================================================================#


% MAN Support
#==================================================================================#
@inproceedings{MAN-LATENCY,
    author = {Gember, Aaron and Akella, Aditya and Pang, Jeffrey and Varshavsky, Alexander and Caceres, Ramon},
    title = {Obtaining In-context Measurements of Cellular Network Performance},
    booktitle = {2012 Internet Measurement Conference},
    year = {2012},
    isbn = {978-1-4503-1705-4},
    pages = {287--300},
    numpages = {14},
    acmid = {2398807},
    publisher = {ACM},
}

@techreport{MAN-ECI,
  author      = {},
  title       = {{5G} {MEC} {IP} Network White Paper, Carrier Network for Edge Computing in the {5G} Era: Challenges and Advice},
  institution = {HUAWEI},
  year        = {2020},
}

#==================================================================================#


# Our MDP Work
#==================================================================================#

@INPROCEEDINGS{mdp-globecom,
    author={S. {Huang} and B. {Lv} and R. {Wang}},
    booktitle={2019 IEEE Global Communications Conference},
    title={{MDP}-Based Scheduling Design for Mobile-Edge Computing Systems with Random User Arrival},
    year={2019},
    volume={},
    number={},
    pages={1-6},
}

@ARTICLE{mdp-tvt,
  author={S. {Huang} and B. {Lv} and R. {Wang} and K. {Huang}},
  journal={IEEE Transactions on Vehicular Technology}, 
  title={Scheduling for Mobile Edge Computing with Random User Arrivals — An Approximate MDP and Reinforcement Learning Approach}, 
  year={2020},
  volume={},
  number={},
  pages={1-1},
}

@INPROCEEDINGS{mdp-bound1,
    author={Z. {Han} and H. {Tan} and G. {Chen} and R. {Wang} and Y. {Chen} and F. C. M. {Lau}}, 
    booktitle={IEEE INFOCOM 2016 - The 35th Annual IEEE International Conference on Computer Communications},
    title={Dynamic virtual machine management via approximate {Markov} decision process},
    year={2016},
    volume={},
    number={},
    pages={1-9},
}
@ARTICLE{mdp-bound2,
  author={B. {Lv} and L. {Huang} and R. {Wang}},
  journal={IEEE Transactions on Communications}, 
  title={Joint Downlink Scheduling for File Placement and Delivery in Cache-Assisted Wireless Networks With Finite File Lifetime}, 
  year={2019},
  volume={67},
  number={6},
  pages={4177-4192},
}
@INPROCEEDINGS{mdp-bound3,
  author={Z. {Han} and H. {Tan} and R. {Wang} and S. {Tang} and F. C. M. {Lau}},
  booktitle={IEEE INFOCOM 2018 - IEEE Conference on Computer Communications}, 
  title={Online Learning based Uplink Scheduling in {HetNets} with Limited Backhaul Capacity}, 
  year={2018},
  volume={},
  number={},
  pages={2348-2356},
}
#==================================================================================#


# survey
#==================================================================================#
@INPROCEEDINGS{tan-online,
author={H. {Tan} and Z. {Han} and X. {Li} and F. C. M. {Lau}},
booktitle={IEEE INFOCOM 2017 - IEEE Conference on Computer Communications},
title={Online job dispatching and scheduling in edge-clouds},
year={2017},
volume={},
number={},
pages={1-9},
ISSN={null},
month=May,
}

@ARTICLE{MEC-SURVEY,
    author={P. {Porambage} and J. {Okwuibe} and M. {Liyanage} and M. {Ylianttila} and T. {Taleb}},
    journal={IEEE Communications Surveys Tutorials},
    title={Survey on Multi-Access Edge Computing for Internet of Things Realization},
    year={2018},
    volume={20},
    number={4},
    pages={2961-2991},
    ISSN={2373-745X},
    month=Fourthquarter,
}
#==================================================================================#


# Related Works
#==================================================================================#
%NOTE: radio and computing resource allocation for network slices on edge servers;
    Highlight: multi-to-multi
    Weakness: 
@inproceedings{MOBIHOC19-LiuQ,
    author = {Liu, Qiang and Han, Tao},
    title = {DIRECT: Distributed Cross-Domain Resource Orchestration in Cellular Edge Computing},
    booktitle = {the Twentieth ACM International Symposium on Mobile Ad Hoc Networking and Computing},
    year = {2019},
    isbn = {978-1-4503-6764-6},
    pages = {181--190},
    numpages = {10},
    acmid = {3326516},
    publisher = {ACM},
}

%NOTE: local computing or offloading, and determine which server to offload
%      Highlight: minimize the long-term time-averaged power consumption with dealine aware;
%      Weakneess: centralized, stationary
@ARTICLE{TOC19-LiuC,
    author={C. {Liu} and M. {Bennis} and M. {Debbah} and H. V. {Poor}},
    journal={IEEE Transactions on Communications},
    title={Dynamic Task Offloading and Resource Allocation for Ultra-Reliable Low-Latency Edge Computing},
    year={2019},
    volume={67},
    number={6},
    pages={4132-4150},
    ISSN={1558-0857},
    month=June,
}

%NOTE: service migration
@article{TON19-WangSq,
    author = {Wang, Shiqiang and Urgaonkar, Rahul and Zafer, Murtaza and He, Ting and Chan, Kevin and Leung, Kin K.},
    title = {Dynamic Service Migration in Mobile Edge Computing Based on {Markov} Decision Process},
    journal = {IEEE/ACM Transactions on Networking},
    issue_date = {June 2019},
    volume = {27},
    number = {3},
    month = jun,
    year = {2019},
    issn = {1063-6692},
    pages = {1272--1288},
    numpages = {17},
    acmid = {3345698},
    publisher = {IEEE Press},
}

%NOTE: Centralized Dispatching and Scheduling
% Weakness: all jobs firstly to one dispatching servers, avoidable transmission;
@ARTICLE{IOTJ19-CaoJ,
author={J. {Cao} and L. {Yang} and J. {Cao}},
journal={IEEE Internet of Things Journal},
title={Revisiting Computation Partitioning in Future {5G}-Based Edge Computing Environments},
year={2019},
volume={6},
number={2},
pages={2427-2438},
ISSN={2372-2541},
month=April,
}

% Weakness: multi-to-multi, dealine-aware, wireless transmission with fixed computation rate
@ARTICLE{JSAC19-AlameddineHA,
    author={H. A. {Alameddine} and S. {Sharafeddine} and S. {Sebbah} and S. {Ayoubi} and C. {Assi}},
    journal={IEEE Journal on Selected Areas in Communications},
    title={Dynamic Task Offloading and Scheduling for Low-Latency {IoT} Services in Multi-Access Edge Computing},
    year={2019},
    volume={37},
    number={3},
    pages={668-682},
    ISSN={1558-0008},
    month=March,
}

@ARTICLE{TVT19-WangY,
author={Y. {Wang} and X. {Tao} and X. {Zhang} and P. {Zhang} and Y. T. {Hou}},
journal={IEEE Transactions on Vehicular Technology},
title={Cooperative Task Offloading in Three-Tier Mobile Computing Networks: An {ADMM} Framework},
year={2019},
volume={68},
number={3},
pages={2763-2776},
ISSN={1939-9359},
month=March,
}

@INPROCEEDINGS{MASS18-MengZ,
author={Z. {Meng} and H. {Xu} and L. {Huang} and P. {Xi} and S. {Yang}},
booktitle={2018 IEEE 15th International Conference on Mobile Ad Hoc and Sensor Systems},
title={Achieving Energy Efficiency Through Dynamic Computing Offloading in Mobile Edge-Clouds},
year={2018},
volume={},
number={},
pages={175-183},
ISSN={2155-6806},
month=Oct,
}

@INPROCEEDINGS{CloudCom18-Cicconetti,
author={C. {Cicconetti} and M. {Conti} and A. {Passarella}},
booktitle={2018 IEEE International Conference on Cloud Computing Technology and Science},
title={An Architectural Framework for Serverless Edge Computing: Design and Emulation Tools},
year={2018},
volume={},
number={},
pages={48-55},
ISSN={2330-2186},
month=Dec,
}

% Weakness:
@article{Fan2017,
author = {Fan, Wenhao and Liu, Yuanan and Tang, Bihua and Wu, Fan and Wang, Zhongbao},
issn = {21693536},
journal = {IEEE Access},
pages = {22622--22633},
title = {{Computation Offloading Based on Cooperations of Mobile Edge Computing-Enabled Base Stations}},
volume = {6},
year = {2017}
}

%NOTE: Decentralized Dispatching and Scheduling
% Weakness: selfish decentralized
@ARTICLE{TMC19-JosiloS,
    author={S. {Jošilo} and G. {Dán}},
    journal={IEEE Transactions on Mobile Computing},
    title={Selfish Decentralized Computation Offloading for Mobile Cloud Computing in Dense Wireless Networks},
    year={2019},
    volume={18},
    number={1},
    pages={207-220},
    ISSN={2161-9875},
    month=Jan,
}

%NOTE: Stale-information based Scheduling
% Weakness: though selfish devices, not sharing same utility function
@ARTICLE{JSAC17-LyuX,
    author={X. {Lyu} and W. {Ni} and H. {Tian} and R. P. {Liu} and X. {Wang} and G. B. {Giannakis} and A. {Paulraj}},
    journal={IEEE Journal on Selected Areas in Communications},
    title={Optimal Schedule of Mobile Edge Computing for Internet of Things Using Partial Information},
    year={2017},
    volume={35},
    number={11},
    pages={2606-2615},
    ISSN={1558-0008},
    month=Nov,
}
% Weakness: stale but ignorable, partial but continuous
@ARTICLE{TWC18-LyuX,
author={X. {Lyu} and W. {Ni} and H. {Tian} and R. P. {Liu} and X. {Wang} and G. B. {Giannakis} and A. {Paulraj}},
journal={IEEE Transactions on Wireless Communications},
title={Distributed Online Optimization of Fog Computing for Selfish Devices With Out-of-Date Information},
year={2018},
volume={17},
number={11},
pages={7704-7717},
ISSN={1558-2248},
month=Nov,
}

@inproceedings{MOBIHOC19-ZhouZ,
    author = {Zhou, Zhi and Chen, Xu and Wu, Weigang and Wu, Di and Zhang, Junshan},
    title = {Predictive Online Server Provisioning for Cost-Efficient {IoT} Data Streaming Across Collaborative Edges},
    booktitle = {the Twentieth ACM International Symposium on Mobile Ad Hoc Networking and Computing},
    year = {2019},
    isbn = {978-1-4503-6764-6},
    pages = {321--330},
    numpages = {10},
    acmid = {3326530},
    publisher = {ACM},
}

@ARTICLE{IOTJ18-FanQ,
    author={Q. {Fan} and N. {Ansari}},
    journal={IEEE Internet of Things Journal},
    title={Application Aware Workload Allocation for Edge Computing-Based {IoT}},
    year={2018},
    volume={5},
    number={3},
    pages={2146-2153},
    ISSN={2372-2541},
    month=June,
}

%NOTE: Exponential Queue Departure
@ARTICLE{TOWC18-HuangKb,
    author={S. {Ko} and K. {Han} and K. {Huang}},
    journal={IEEE Transactions on Wireless Communications},
    title={Wireless Networks for Mobile Edge Computing: Spatial Modeling and Latency Analysis},
    year={2018},
    volume={17},
    number={8},
    pages={5225-5240},
    ISSN={1558-2248},
    month=Aug,
}

%NOTE: DEC-POMDP
% R.Nair, 2003
@inproceedings{IJCAI03-NairR,
    author = {Nair, R. and Tambe, M. and Yokoo, M. and Pynadath, D. and Marsella, S.},
    title = {Taming Decentralized {POMDPs}: Towards Efficient Policy Computation for Multiagent Settings},
    booktitle = {the 18th International Joint Conference on Artificial Intelligence},
    year = {2003},
    pages = {705--711},
    numpages = {7},
    acmid = {1630762},
    publisher = {Morgan Kaufmann Publishers Inc.},
}
% Craig Boutilie, 1999
@inproceedings{IJCAI99-BoutilierC,
    author = {Boutilier, Craig},
    title = {Sequential Optimality and Coordination in Multiagent Systems},
    booktitle = {the 16th International Joint Conference on Artifical Intelligence - Volume 1},
    year = {1999},
    pages = {478--485},
    numpages = {8},
    acmid = {1624287},
    publisher = {Morgan Kaufmann Publishers Inc.},
}

%NOTE: service migration is impractical support
@INPROCEEDINGS{INFOCOM19-WuC,
    author={Y. {Bao} and Y. {Peng} and C. {Wu}},
    booktitle={IEEE INFOCOM 2019 - IEEE Conference on Computer Communications},
    title={Deep Learning-based Job Placement in Distributed Machine Learning Clusters},
    year={2019},
    volume={},
    number={},
    pages={505-513},
    ISSN={0743-166X},
    month=April,
}
#==================================================================================#


# related works, with latency
#==================================================================================#
@ARTICLE{ToN-Xuchen2016, 
	author={X. {Chen} and L. {Jiao} and W. {Li} and X. {Fu}}, 
	journal={IEEE/ACM Transactions on Networking}, 
	title={Efficient Multi-User Computation Offloading for Mobile-Edge Cloud Computing}, 
	year={2016}, 
	volume={24}, 
	number={5}, 
	pages={2795-2808}, 
	ISSN={1558-2566}, 
	month=October,
}

@ARTICLE{ToN-xujie2018, 
	author={L. {Chen} and S. {Zhou} and J. {Xu}}, 
	journal={IEEE/ACM Transactions on Networking}, 
	title={Computation Peer Offloading for Energy-Constrained Mobile Edge Computing in Small-Cell Networks}, 
	year={2018}, 
	volume={26}, 
	number={4}, 
	pages={1619-1632}, 
	ISSN={1558-2566}, 
	month=Aug.,
}

@INPROCEEDINGS{latency-EDGE19,
    author={D. {Loghin} and L. {Ramapantulu} and Y. M. {Teo}},
    title={Towards Analyzing the Performance of Hybrid Edge-Cloud Processing},
    booktitle={2019 IEEE International Conference on Edge Computing},
    year={2019},
    volume={},
    number={},
    pages={87-94}
}
#==================================================================================#
