
% 

% approximate algorithm for multiple-scale MDP

% decentralized learning, centralized execution
@misc{zhou2023centralized,
      title={Is Centralized Training with Decentralized Execution Framework Centralized Enough for MARL?}, 
      author={Yihe Zhou and Shunyu Liu and Yunpeng Qing and Kaixuan Chen and Tongya Zheng and Yanhao Huang and Jie Song and Mingli Song},
      year={2023},
      eprint={2305.17352},
      archivePrefix={arXiv},
      primaryClass={cs.AI}
}
