//==================== Literature Review ====================//

%% edge computing / review
@ARTICLE{MEC-SURVEY,
    author={P. {Porambage} and J. {Okwuibe} and M. {Liyanage} and M. {Ylianttila} and T. {Taleb}},
    journal={IEEE Communications Surveys Tutorials},
    title={Survey on Multi-Access Edge Computing for Internet of Things Realization},
    year={2018},
    volume={20},
    number={4},
    pages={2961-2991},
    ISSN={2373-745X},
    month=Fourthquarter,
}


//======================= Methodology =======================//
@article{thomas1976queueing,
  title={Queueing systems. volume 1: Theory},
  author={Thomas, Marlin U},
  journal={SIAM Review},
  volume={18},
  number={3},
  pages={512--514},
  year={1976},
  publisher={SIAM}
}

@book{dp-control,
  title={Dynamic programming and optimal control: Volume I},
  author={Bertsekas, Dimitri},
  volume={1},
  year={2012},
  publisher={Athena scientific}
}

@book{sutton2018reinforcement,
  title={Reinforcement learning: An introduction},
  author={Sutton, Richard S and Barto, Andrew G},
  year={2018},
  publisher={MIT press}
}

%% approximate dynamic programming
@INPROCEEDINGS{Asma2007,
  author={Al-Tamimi, Asma and Lewis, Frank},
  booktitle={2007 IEEE International Symposium on Approximate Dynamic Programming and Reinforcement Learning}, 
  title={Discrete-time nonlinear HJB solution using Approximate dynamic programming: Convergence Proof}, 
  year={2007},
  volume={},
  number={},
  pages={38-43},
}

@inbook{adp-handbook,
  author = {Werbos, Paul},
  publisher = {John Wiley & Sons, Ltd},
  isbn = {9780470544785},
  title = {ADP: Goals, Opportunities and Principles},
  booktitle = {Handbook of Learning and Approximate Dynamic Programming},
  chapter = {1},
  pages = {3-44},
  year = {2004},
}
