@article{Junzhang2016,
  title={Dynamic computation offloading for mobile-edge computing with energy harvesting devices},
  author={Mao, Yuyi and Zhang, Jun and Letaief, Khaled B},
  journal={IEEE Journal on Selected Areas in Communications},
  volume={34},
  number={12},
  pages={3590--3605},
  year={2016},
  publisher={IEEE}
}

@inproceedings{KBHuang2015,
  title={Wirelessly powered mobile computation offloading: Energy savings maximization},
  author={You, Changsheng and Huang, Kaibin},
  booktitle={2015 IEEE Global Communications Conference},
  pages={1--6},
  year={2015},
  organization={IEEE}
}

@article{KBHuang2019,
  title={Stochastic control of computation offloading to a helper with a dynamically loaded CPU},
  author={Tao, Yunzheng and You, Changsheng and Zhang, Ping and Huang, Kaibin},
  journal={IEEE Transactions on Wireless Communications},
  volume={18},
  number={2},
  pages={1247--1262},
  year={2019},
  publisher={IEEE}
}

@article{Du2018,
  title={Computation offloading and resource allocation in mixed fog/cloud computing systems with min-max fairness guarantee},
  author={Du, Jianbo and Zhao, Liqiang and Feng, Jie and Chu, Xiaoli},
  journal={IEEE Transactions on Communications},
  volume={66},
  number={4},
  pages={1594--1608},
  year={2017},
  publisher={IEEE}
}

@inproceedings{KBHuang2016,
  title={Multiuser resource allocation for mobile-edge computation offloading},
  author={You, Changsheng and Huang, Kaibin},
  booktitle={2016 IEEE Global Communications Conference},
  pages={1--6},
  year={2016},
  organization={IEEE}
}

@article{XuChen2016,
  title={Efficient multi-user computation offloading for mobile-edge cloud computing},
  author={Chen, Xu and Jiao, Lei and Li, Wenzhong and Fu, Xiaoming},
  journal={IEEE/ACM transactions on networking},
  volume={24},
  number={5},
  pages={2795--2808},
  year={2015},
  publisher={IEEE}
}

@inproceedings{jieXu2018,
  title={Joint service caching and task offloading for mobile edge computing in dense networks},
  author={Xu, Jie and Chen, Lixing and Zhou, Pan},
  booktitle={IEEE INFOCOM 2018-IEEE Conference on Computer Communications},
  pages={207--215},
  year={2018},
  organization={IEEE}
}

@INPROCEEDINGS{tan-online,
author={H. {Tan} and Z. {Han} and X. {Li} and F. C. M. {Lau}},
booktitle={IEEE INFOCOM 2017 - IEEE Conference on Computer Communications},
title={Online job dispatching and scheduling in edge-clouds},
year={2017},
volume={},
number={},
pages={1-9},
ISSN={null},
month=May,
}

@article{liang2017,
  title={Optimal cloudlet placement and user to cloudlet allocation in wireless metropolitan area networks},
  author={Jia, Mike and Cao, Jiannong and Liang, Weifa},
  journal={IEEE Transactions on Cloud Computing},
  volume={5},
  number={4},
  pages={725--737},
  year={2015},
  publisher={IEEE}
}

@inproceedings{liang2015,
  title={Capacitated cloudlet placements in wireless metropolitan area networks},
  author={Xu, Zichuan and Liang, Weifa and Xu, Wenzheng and Jia, Mike and Guo, Song},
  booktitle={2015 IEEE 40Th conference on local computer networks},
  pages={570--578},
  year={2015},
  organization={IEEE}
}

@article{Ruiwang2011,
  title={Queue-aware distributive resource control for delay-sensitive two-hop MIMO cooperative systems},
  author={Wang, Rui and Lau, Vincent KN and Cui, Ying},
  journal={IEEE transactions on signal processing},
  volume={59},
  number={1},
  pages={341--350},
  year={2010},
  publisher={IEEE}
}

@article{Ruiwang2013,
  title={Delay-aware two-hop cooperative relay communications via approximate MDP and stochastic learning},
  author={Wang, Rui and Lau, Vincent KN},
  journal={IEEE Transactions on Information Theory},
  volume={59},
  number={11},
  pages={7645--7670},
  year={2013},
  publisher={IEEE}
}

@article{Cui2012,
  title={A survey on delay-aware resource control for wireless systemsâ€”Large deviation theory, stochastic Lyapunov drift, and distributed stochastic learning},
  author={Cui, Ying and Lau, Vincent KN and Wang, Rui and Huang, Huang and Zhang, Shunqing},
  journal={IEEE Transactions on Information Theory},
  volume={58},
  number={3},
  pages={1677--1701},
  year={2012},
  publisher={IEEE}
}

@inproceedings{Lv2018-icc,
  title={Cellular offloading via downlink cache placement},
  author={Lv, Bojie and Huang, Lexiang and Wang, Rui},
  booktitle={2018 IEEE International Conference on Communications},
  pages={1--7},
  year={2018},
  organization={IEEE}
}

@inproceedings{Lv2018-gc,
  title={Joint optimization of file placement and delivery in cache-assisted wireless networks},
  author={Lv, Bojie and Wang, Rui and Cui, Ying and Tan, Haisheng},
  booktitle={2018 IEEE Global Communications Conference},
  pages={1--7},
  year={2018},
  organization={IEEE}
}

@article{Lv2019,
  title={Joint downlink scheduling for file placement and delivery in cache-assisted wireless networks with finite file lifetime},
  author={Lv, Bojie and Huang, Lexiang and Wang, Rui},
  journal={IEEE Transactions on Communications},
  volume={67},
  number={6},
  pages={4177--4192},
  year={2019},
  publisher={IEEE}
}

@book{meyer2000matrix,
  title={Matrix analysis and applied linear algebra},
  author={Meyer, Carl D},
  volume={71},
  year={2000},
  publisher={Siam}
}
