//======================= Common Citations =======================//
@inproceedings{CARLA,
  title = { {CARLA}: {An} Open Urban Driving Simulator},
  author = {Alexey Dosovitskiy and German Ros and Felipe Codevilla and Antonio Lopez and Vladlen Koltun},
  booktitle = {Proceedings of the 1st Annual Conference on Robot Learning},
  pages = {1--16},
  year = {2017}
}

@inproceedings{SUMO,
  title = {Microscopic Traffic Simulation using SUMO},
  author = {Pablo Alvarez Lopez and Michael Behrisch and Laura Bieker-Walz and Jakob Erdmann and Yun-Pang Fl{\"o}tter{\"o}d and Robert Hilbrich and Leonhard L{\"u}cken and Johannes Rummel and Peter Wagner and Evamarie Wie{\ss}ner},
  publisher = {IEEE},
  booktitle = {The 21st IEEE International Conference on Intelligent Transportation Systems},
  year = {2018},
  journal = {IEEE Intelligent Transportation Systems Conference},
  url = {https://elib.dlr.de/124092/}
}

@misc{unrealengine,
  author = {{Epic Games}},
  title = {Unreal Engine},
  url = {https://www.unrealengine.com},
  version = {4.24},
  year = {2019},
}

@misc{OpenDRIVE,
	author = {},
	title = {{ASAM OpenDRIVE}},
	howpublished = {\url{https://www.asam.net/standards/detail/opendrive/}},
	year = {},
}

@inproceedings{FedAvg,
  title={Communication-efficient learning of deep networks from decentralized data},
  author={McMahan, Brendan and Moore, Eider and Ramage, Daniel and Hampson, Seth and y Arcas, Blaise Aguera},
  booktitle={Artificial intelligence and statistics},
  pages={1273--1282},
  year={2017},
  organization={PMLR}
}

@Article{SECOND,
  AUTHOR = {Yan, Yan and Mao, Yuxing and Li, Bo},
  TITLE = {SECOND: Sparsely Embedded Convolutional Detection},
  JOURNAL = {Sensors},
  VOLUME = {18},
  YEAR = {2018},
  NUMBER = {10},
  ARTICLE-NUMBER = {3337},
  URL = {https://www.mdpi.com/1424-8220/18/10/3337},
  ISSN = {1424-8220},
}

@Article{sumo-accuracy-mdpi,
  AUTHOR = {Ma, Xiaoyi and Hu, Xiaowei and Weber, Thomas and Schramm, Dieter},
  TITLE = {Evaluation of Accuracy of Traffic Flow Generation in SUMO},
  JOURNAL = {Applied Sciences},
  VOLUME = {11},
  YEAR = {2021},
  NUMBER = {6},
  ARTICLE-NUMBER = {2584},
  ISSN = {2076-3417},
}

@ARTICLE{path-loss,
  author={Erceg, V. and Greenstein, L.J. and Tjandra, S.Y. and Parkoff, S.R. and Gupta, A. and Kulic, B. and Julius, A.A. and Bianchi, R.},
  journal={IEEE Journal on Selected Areas in Communications}, 
  title={An empirically based path loss model for wireless channels in suburban environments}, 
  year={1999},
  volume={17},
  number={7},
  pages={1205-1211},
}

//======================= Math Citations =======================//
@inproceedings{Nesterov83,
  author = {Su, Weijie and Boyd, Stephen and Cand\`{e}s, Emmanuel J.},
  title = {A Differential Equation for Modeling Nesterov's Accelerated Gradient Method: Theory and Insights},
  year = {2014},
  publisher = {MIT Press},
  booktitle = {Proceedings of the 27th International Conference on Neural Information Processing Systems - Volume 2},
  pages = {2510-2518},
  numpages = {9},
}

@article{monteiro1994,
  title={Local convergence of interior-point algorithms for degenerate monotone LCP},
  author={Monteiro, Renato DC and Wright, Stephen J},
  journal={Computational Optimization and Applications},
  volume={3},
  number={2},
  pages={131--155},
  year={1994},
  publisher={Springer}
}

@article{Turnbull1930,
  year = {1930},
  month = jan,
  publisher = {Cambridge University Press},
  volume = {2},
  number = {1},
  pages = {33--54},
  author = {H. W. Turnbull},
  title = {A Matrix Form of Taylor{\textquotesingle}s Theorem},
  journal = {Proceedings of the Edinburgh Mathematical Society}
}

@misc{Medoid-PAM,
  journal={Finding Groups in Data},
  publisher={John Wiley & Sons, Inc.},
  pages={68--125}
}

@book{Boyd04,
  added-at = {2006-04-12T21:13:14.000+0200},
  author = {Boyd, Stephen and Vandenberghe, Lieven},
  citeulike-article-id = {163662},
  description = {CiteULike},
  howpublished = {Hardcover},
  isbn = {0521833787},
  month = {March},
  priority = {4},
  publisher = {{Cambridge University Press}},
  timestamp = {2006-04-12T21:13:14.000+0200},
  title = {Convex Optimization},
  year = 2004
}

@article{fast-projection,
  title={Fast projection onto the simplex and the l1 ball},
  author={Laurent, Condat},
  journal={Math. Prog},
  volume={158},
  pages={575--585},
  year={2016}
}


//======================= Related Works =======================//
@article{ad-survey,
  title={A survey of deep learning techniques for autonomous driving},
  author={Grigorescu, Sorin and Trasnea, Bogdan and Cocias, Tiberiu and Macesanu, Gigel},
  journal={Journal of Field Robotics},
  volume={37},
  number={3},
  pages={362--386},
  year={2020},
  publisher={Wiley Online Library}
}
@ARTICLE{vfl-survey,
  author={Posner, Jason and Tseng, Lewis and Aloqaily, Moayad and Jararweh, Yaser},
  journal={IEEE Network}, 
  title={Federated Learning in Vehicular Networks: Opportunities and Solutions}, 
  year={2021},
  volume={35},
  number={2},
  pages={152-159},
}


// deterministic optimization
@INPROCEEDINGS{Globecom18-Wang,
  author={Wang, Hansong and Li, Xi and Ji, Hong and Zhang, Heli},
  booktitle={2018 IEEE Globecom Workshops}, 
  title={Federated Offloading Scheme to Minimize Latency in MEC-Enabled Vehicular Networks}, 
  year={2018},
  volume={},
  number={},
  pages={1-6},
}
@ARTICLE{Access19-Xu,
  author={Xu, Xiaolong and Xue, Yuan and Li, Xiang and Qi, Lianyong and Wan, Shaohua},
  journal={IEEE Access}, 
  title={A Computation Offloading Method for Edge Computing With Vehicle-to-Everything}, 
  year={2019},
  volume={7},
  number={},
  pages={131068-131077},
}
@ARTICLE{TITS21-Xiao,
  author={Xiao, Huizi and Zhao, Jun and Pei, Qingqi and Feng, Jie and Liu, Lei and Shi, Weisong},
  journal={IEEE Transactions on Intelligent Transportation Systems}, 
  title={Vehicle Selection and Resource Optimization for Federated Learning in Vehicular Edge Computing}, 
  year={2021},
  volume={},
  number={},
  pages={1-15},
}
@ARTICLE{JSAC23-Pervej,
  author={Pervej, Md Ferdous and Jin, Richeng and Dai, Huaiyu},
  journal={IEEE Journal on Selected Areas in Communications}, 
  title={Resource Constrained Vehicular Edge Federated Learning With Highly Mobile Connected Vehicles}, 
  year={2023},
  volume={41},
  number={6},
  pages={1825-1844},
}
@ARTICLE{IOTJ22-Lv,
  author={Lv, Wenkai and Yang, Pengfei and Zheng, Tianyang and Yi, Bijie and Ding, Yunqing and Wang, Quan and Deng, Minwen},
  journal={IEEE Internet of Things Journal}, 
  title={Energy Consumption and QoS-Aware Co-Offloading for Vehicular Edge Computing}, 
  year={2023},
  volume={10},
  number={6},
  pages={5214-5225},
}
@ARTICLE{TVT22-Hui,
  author={Hui, Yilong and Zhao, Gaosheng and Li, Changle and Cheng, Nan and Yin, Zhisheng and Luan, Tom H. and Xiao, Xiao},
  journal={IEEE Transactions on Vehicular Technology}, 
  title={Digital Twins Enabled On-Demand Matching for Multi-Task Federated Learning in HetVNets}, 
  year={2023},
  volume={72},
  number={2},
  pages={2352-2364},
}

// stochastic optimization
@ARTICLE{Access19-Liu,
  author={Liu, Jun and Wang, Shoubin and Wang, Jintao and Liu, Chang and Yan, Yan},
  journal={IEEE Access}, 
  title={A Task Oriented Computation Offloading Algorithm for Intelligent Vehicle Network With Mobile Edge Computing},
  year={2019},
  volume={7},
  number={},
  pages={180491-180502},
}
@ARTICLE{TVT18-Ni,
  author={Ni, Yuanzhi and He, Jianping and Cai, Lin and Bo, Yuming},
  journal={IEEE Transactions on Vehicular Technology}, 
  title={Data Uploading in Hybrid V2V/V2I Vehicular Networks: Modeling and Cooperative Strategy}, 
  year={2018},
  volume={67},
  number={5},
  pages={4602-4614},
}
@ARTICLE{TVT19-Liu,
  author={Liu, Yi and Yu, Huimin and Xie, Shengli and Zhang, Yan},
  journal={IEEE Transactions on Vehicular Technology}, 
  title={Deep Reinforcement Learning for Offloading and Resource Allocation in Vehicle Edge Computing and Networks}, 
  year={2019},
  volume={68},
  number={11},
  pages={11158-11168},
}
@ARTICLE{WC16-Salahuddin,
  author={Salahuddin, Mohammad A. and Al-Fuqaha, Ala and Guizani, Mohsen},
  journal={IEEE Wireless Communications}, 
  title={Reinforcement learning for resource provisioning in the vehicular cloud},
  year={2016},
  volume={23},
  number={4},
  pages={128-135},
}
@ARTICLE{TITS16-Wang,
  author={Wang, Chuanmeizhi and Li, Yong and Jin, Depeng and Chen, Sheng},
  journal={IEEE Transactions on Intelligent Transportation Systems}, 
  title={On the Serviceability of Mobile Vehicular Cloudlets in a Large-Scale Urban Environment}, 
  year={2016},
  volume={17},
  number={10},
  pages={2960-2970},
}



// UAV works
@INPROCEEDINGS{ICC20-Zeng,
  author={Zeng, Tengchan and Semiari, Omid and Mozaffari, Mohammad and Chen, Mingzhe and Saad, Walid and Bennis, Mehdi},
  booktitle={ICC 2020 - 2020 IEEE International Conference on Communications}, 
  title={Federated Learning in the Sky: Joint Power Allocation and Scheduling with UAV Swarms}, 
  year={2020},
  volume={},
  number={},
  pages={1-6},
}
@ARTICLE{TII21-Lu,
  author={Lu, Weidang and Ding, Yu and Gao, Yuan and Hu, Su and Wu, Yuan and Zhao, Nan and Gong, Yi},
  journal={IEEE Transactions on Industrial Informatics}, 
  title={Resource and Trajectory Optimization for Secure Communications in Dual Unmanned Aerial Vehicle Mobile Edge Computing Systems}, 
  year={2022},
  volume={18},
  number={4},
  pages={2704-2713},
}
