@inproceedings{
  wang2022convergent,
  title={{Convergent and Efficient Deep Q Learning Algorithm}},
  author={Zhikang T. Wang and Masahito Ueda},
  booktitle={International Conference on Learning Representations},
  year={2022},
}
@misc{pohlen2018observe,
      title={{Observe and Look Further: Achieving Consistent Performance on Atari}}, 
      author={Tobias Pohlen and Bilal Piot and Todd Hester and Mohammad Gheshlaghi Azar and Dan Horgan and David Budden and Gabriel Barth-Maron and Hado van Hasselt and John Quan and Mel Večerík and Matteo Hessel and Rémi Munos and Olivier Pietquin},
      year={2018},
      eprint={1805.11593},
      archivePrefix={arXiv},
      primaryClass={cs.LG} 
}
@book{rom2012multiple,
  title={{Multiple access protocols: performance and analysis}},
  author={Rom, Raphael and Sidi, Moshe},
  year={2012},
  publisher={Springer Science \& Business Media}
}
@article{mangold2003analysis,
  title={{Analysis of IEEE 802.11 e for QoS support in wireless LANs}},
  author={Mangold, Stefan and Choi, Sunghyun and Hiertz, Guido R and Klein, Ole and Walke, Bernhard},
  journal={IEEE wireless communications},
  volume={10},
  number={6},
  pages={40--50},
  year={2003},
  publisher={IEEE}
}
@inproceedings{moon2021neuro,
  title={{Neuro-DCF: Design of wireless MAC via multi-agent reinforcement learning approach}},
  author={Moon, Sangwoo and Ahn, Sumyeong and Son, Kyunghwan and Park, Jinwoo and Yi, Yung},
  booktitle={Proceedings of the Twenty-second International Symposium on Theory, Algorithmic Foundations, and Protocol Design for Mobile Networks and Mobile Computing},
  pages={141--150},
  year={2021}
}
@article{lee2015making,
  title={{Making 802.11 DCF near-optimal: Design, implementation, and evaluation}},
  author={Lee, Jinsung and Lee, Hojin and Yi, Yung and Chong, Song and Knightly, Edward W and Chiang, Mung},
  journal={IEEE/ACM Transactions on Networking},
  volume={24},
  number={3},
  pages={1745--1758},
  year={2015},
  publisher={IEEE}
}
@inproceedings{heusse2005idle,
  title={{Idle sense: An optimal access method for high throughput and fairness in rate diverse wireless LANs}},
  author={Heusse, Martin and Rousseau, Franck and Guillier, Romaric and Duda, Andrzej},
  booktitle={Proceedings of the 2005 conference on Applications, technologies, architectures, and protocols for computer communications},
  pages={121--132},
  year={2005}
}
@article{kurose2007computer,
  title={{Computer networking: A top-down approach edition}},
  author={Kurose, James F and Ross, Keith W},
  journal={Addision Wesley},
  year={2007}
}
@article{guo2022multi,
  title={{Multi-agent reinforcement learning-based distributed channel access for next generation wireless networks}},
  author={Guo, Ziyang and Chen, Zhenyu and Liu, Peng and Luo, Jianjun and Yang, Xun and Sun, Xinghua},
  journal={IEEE Journal on Selected Areas in Communications},
  volume={40},
  number={5},
  pages={1587--1599},
  year={2022},
  publisher={IEEE}
}
@article{ali2018deep,
  title={{Deep reinforcement learning paradigm for performance optimization of channel observation--based MAC protocols in dense WLANs}},
  author={Ali, Rashid and Shahin, Nurullah and Zikria, Yousaf Bin and Kim, Byung-Seo and Kim, Sung Won},
  journal={IEEE Access},
  volume={7},
  pages={3500--3511},
  year={2018},
  publisher={IEEE}
}
@article{rashid2020monotonic,
  title={{Monotonic value function factorisation for deep multi-agent reinforcement learning}},
  author={Rashid, Tabish and Samvelyan, Mikayel and De Witt, Christian Schroeder and Farquhar, Gregory and Foerster, Jakob and Whiteson, Shimon},
  journal={The Journal of Machine Learning Research},
  volume={21},
  number={1},
  pages={7234--7284},
  year={2020},
  publisher={JMLRORG}
}
@article{ali2019q,
  title={{Q-learning-enabled channel access in next-generation dense wireless networks for IoT-based eHealth systems}},
  author={Ali, Rashid and Qadri, Yazdan Ahmad and Bin Zikria, Yousaf and Umer, Tariq and Kim, Byung-Seo and Kim, Sung Won},
  journal={EURASIP Journal on Wireless Communications and Networking},
  volume={2019},
  number={1},
  pages={1--12},
  year={2019},
  publisher={SpringerOpen}
}
@inproceedings{wydmanski2021contention,
  title={{Contention window optimization in IEEE 802.11 ax networks with deep reinforcement learning}},
  author={Wydma{\'n}ski, Witold and Szott, Szymon},
  booktitle={2021 IEEE Wireless Communications and Networking Conference},
  pages={1--6},
  year={2021},
  organization={IEEE}
}
@article{zhao2002throughput,
  title={{Throughput and QoS optimization in IEEE 802.11 WLAN}},
  author={Zhao, Jun and Zhang, Qian and Guo, Zihua and Zhu, Wenwu and Zhang, Ya-Qin},
  journal={3Gwireless2002},
  pages={112--116},
  year={2002},
  publisher={Citeseer}
}
@article{barnett2018cisco,
  title={{Cisco visual networking index (vni) complete forecast update, 2017--2022}},
  author={Barnett, Thomas and Jain, Shruti and Andra, Usha and Khurana, Taru},
  journal={Americas/EMEAR Cisco Knowledge Network Presentation},
  pages={1--30},
  year={2018},
  publisher={EMEAR Cisco Knowledge Network San Jose, CA, USA}
}
@article{adan2002queueing,
  title={{Queueing theory}},
  author={Adan, Ivo and Resing, Jacques},
  journal={Eindhoven University of Technology},
  volume={180},
  year={2002},
  publisher={Eindhoven}
}
@article{martinez2019decentralized,
  title={{Decentralized cooperative stochastic bandits}},
  author={Mart{\'\i}nez-Rubio, David and Kanade, Varun and Rebeschini, Patrick},
  journal={Advances in Neural Information Processing Systems},
  volume={32},
  year={2019}
}
@article{watkins1992q,
  title={{Q-learning}},
  author={Watkins, Christopher JCH and Dayan, Peter},
  journal={Machine learning},
  volume={8},
  pages={279--292},
  year={1992},
  publisher={Springer}
}
@article{sinaga2020unsupervised,
  title={{Unsupervised K-means clustering algorithm}},
  author={Sinaga, Kristina P and Yang, Miin-Shen},
  journal={IEEE access},
  volume={8},
  pages={80716--80727},
  year={2020},
  publisher={IEEE}
}
@article{von2007tutorial,
  title={{A tutorial on spectral clustering}},
  author={Von Luxburg, Ulrike},
  journal={Statistics and computing},
  volume={17},
  pages={395--416},
  year={2007},
  publisher={Springer}
}
@article{mnih2015human,
  title={{Human-level control through deep reinforcement learning}},
  author={Mnih, Volodymyr and Kavukcuoglu, Koray and Silver, David and Rusu, Andrei A and Veness, Joel and Bellemare, Marc G and Graves, Alex and Riedmiller, Martin and Fidjeland, Andreas K and Ostrovski, Georg and others},
  journal={nature},
  volume={518},
  number={7540},
  pages={529--533},
  year={2015},
  publisher={Nature Publishing Group}
}
@article{hartigan1979algorithm,
  title={{Algorithm AS 136: A k-means clustering algorithm}},
  author={Hartigan, John A and Wong, Manchek A},
  journal={Journal of the royal statistical society. series c (applied statistics)},
  volume={28},
  number={1},
  pages={100--108},
  year={1979},
  publisher={JSTOR}
}
@online{lasso-sustech_wlsops-hack_2023,
  title = {{wlsops-hack: MAC Layer Fastest access to ieee80211\_ops from userspace with procfs+mmap}},
  year = {2023},
  url = {https://github.com/lasso-sustech/wlsops-hack}
}
@incollection{NEURIPS2019_9015,
title = {{PyTorch: An Imperative Style, High-Performance Deep Learning Library}},
author = {Paszke, Adam and Gross, Sam and Massa, Francisco and Lerer, Adam and Bradbury, James and Chanan, Gregory and Killeen, Trevor and Lin, Zeming and Gimelshein, Natalia and Antiga, Luca and Desmaison, Alban and Kopf, Andreas and Yang, Edward and DeVito, Zachary and Raison, Martin and Tejani, Alykhan and Chilamkurthy, Sasank and Steiner, Benoit and Fang, Lu and Bai, Junjie and Chintala, Soumith},
booktitle = {Advances in Neural Information Processing Systems 32},
pages = {8024--8035},
year = {2019},
publisher = {Curran Associates, Inc.},
}
@misc{cuda,
  author={{NVIDIA and Vingelmann, Péter and Fitzek, Frank H.P.}},
  title={CUDA, release: 10.2.89},
  year={2020},
  url={https://developer.nvidia.com/cuda-toolkit},
}
@article{ni2011q,
  title={{Q-CSMA: Queue-length-based CSMA/CA algorithms for achieving maximum throughput and low delay in wireless networks}},
  author={Ni, Jian and Tan, Bo and Srikant, Rayadurgam},
  journal={IEEE/ACM Transactions on Networking},
  volume={20},
  number={3},
  pages={825--836},
  year={2011},
  publisher={IEEE}
}
@article{fresh-csma,
  title={{Fresh-CSMA: A distributed protocol for minimizing age of information}},
  author={Tripathi, Vishrant and Jones, Nicholas and Modiano, Eytan},
  journal={Journal of Communications and Networks},
  volume={25},
  number={5},
  pages={556--569},
  year={2023},
  publisher={KICS}
}
@article{kwak2015high,
  title={{A high-order Markov-chain-based scheduling algorithm for low delay in CSMA networks}},
  author={Kwak, Jaewook and Lee, Chul-Ho and others},
  journal={IEEE/ACM Transactions on Networking},
  volume={24},
  number={4},
  pages={2278--2290},
  year={2015},
  publisher={IEEE}
}
@INPROCEEDINGS{5935185,
  author={Jiang, Libin and Leconte, Mathieu and Ni, Jian and Srikant, R. and Walrand, Jean},
  booktitle={2011 Proceedings IEEE INFOCOM}, 
  title={{Fast mixing of parallel Glauber dynamics and low-delay CSMA scheduling}}, 
  year={2011},
  volume={},
  number={},
  pages={371-375},
  ISSN={0743-166X},
  month={April},
}
@article{hui2005unified,
  title={{A unified model for the performance analysis of IEEE 802.11 e EDCA}},
  author={Hui, Jie and Devetsikiotis, Michael},
  journal={IEEE Transactions on Communications},
  volume={53},
  number={9},
  pages={1498--1510},
  year={2005},
  publisher={IEEE}
}
@inproceedings{zhang2020enhancing,
  title={{Enhancing WiFi multiple access performance with federated deep reinforcement learning}},
  author={Zhang, Lyutianyang and Yin, Hao and Zhou, Zhanke and Roy, Sumit and Sun, Yaping},
  booktitle={2020 IEEE 92nd Vehicular Technology Conference},
  pages={1--6},
  year={2020},
  organization={IEEE}
}
@inproceedings{kumar2021adaptive,
  title={{Adaptive contention window design using deep Q-learning}},
  author={Kumar, Abhishek and Verma, Gunjan and Rao, Chirag and Swami, Ananthram and Segarra, Santiago},
  booktitle={ICASSP 2021-2021 IEEE International Conference on Acoustics, Speech and Signal Processing},
  pages={4950--4954},
  year={2021},
  organization={IEEE}
}
@inproceedings{chen2021experience,
  title={{An experience driven design for IEEE 802.11 ac rate adaptation based on reinforcement learning}},
  author={Chen, Syuan-Cheng and Li, Chi-Yu and Chiu, Chui-Hao},
  booktitle={IEEE INFOCOM 2021-IEEE Conference on Computer Communications},
  pages={1--10},
  year={2021},
  organization={IEEE}
}
@article{watkins1989learning,
  title={{Learning from delayed rewards}},
  author={Watkins, Christopher John Cornish Hellaby},
  year={1989},
  publisher={King's College, Cambridge United Kingdom}
}
@inproceedings{van2016deep,
  title={{Deep reinforcement learning with double q-learning}},
  author={Van Hasselt, Hado and Guez, Arthur and Silver, David},
  booktitle={Proceedings of the AAAI conference on artificial intelligence},
  volume={30},
  number={1},
  year={2016}
}
@inproceedings{karmakar2016dynamic,
  title={{Dynamic link adaptation in IEEE 802.11 ac: A distributed learning based approach}},
  author={Karmakar, Raja and Chattopadhyay, Samiran and Chakraborty, Sandip},
  booktitle={2016 IEEE 41st Conference on Local Computer Networks},
  pages={87--94},
  year={2016},
  organization={IEEE}
}
@article{huang2023hierarchical,
  title={{A hierarchical deep learning approach for optimizing CCA threshold and transmit power in WiFi networks}},
  author={Huang, Yiwei and Chin, Kwan-Wu},
  journal={IEEE Transactions on Cognitive Communications and Networking},
  year={2023},
  publisher={IEEE}
}
@article{schulman2017proximal,
  title={{Proximal policy optimization algorithms}},
  author={Schulman, John and Wolski, Filip and Dhariwal, Prafulla and Radford, Alec and Klimov, Oleg},
  journal={arXiv preprint arXiv:1707.06347},
  year={2017}
}
@techreport{alliance2009wi,
  title={{Wi-Fi Peer-to-Peer (P2P) Technical Specification v1.7}},
  author={{Wi-Fi Alliance, P2P Technical Group}},
  journal={Wi-Fi Alliance},
  year={2016}
}
@inproceedings{macqueen1967some,
  title={{Some methods for classification and analysis of multivariate observations}},
  author={MacQueen, James and others},
  booktitle={Proceedings of the fifth Berkeley symposium on mathematical statistics and probability},
  volume={1},
  number={14},
  pages={281--297},
  year={1967},
  organization={Oakland, CA, USA}
}
@article{wang2018handover,
  title={{Handover control in wireless systems via asynchronous multiuser deep reinforcement learning}},
  author={Wang, Zhi and Li, Lihua and Xu, Yue and Tian, Hui and Cui, Shuguang},
  journal={IEEE Internet of Things Journal},
  volume={5},
  number={6},
  pages={4296--4307},
  year={2018},
  publisher={IEEE}
}
// https://dokumen.tips/documents/wi-fi-display-technical-specification-v100.html
@techreport{WiFiDisplay2011,
    title = {{Wi-Fi Display Technical Specification V1.2n}},
    author = {{Wi-Fi Alliance, Wi-Fi Display Technical Task Group}},
    year = {2011},
}
@article{chu2018reinforcement,
  title={{Reinforcement learning-based multiaccess control and battery prediction with energy harvesting in IoT systems}},
  author={Chu, Man and Li, Hang and Liao, Xuewen and Cui, Shuguang},
  journal={IEEE Internet of Things Journal},
  volume={6},
  number={2},
  pages={2009--2020},
  year={2018},
  publisher={IEEE}
}
@article{abd2020reinforcement,
  title={{A reinforcement learning framework for optimizing age of information in RF-powered communication systems}},
  author={Abd-Elmagid, Mohamed A and Dhillon, Harpreet S and Pappas, Nikolaos},
  journal={IEEE Transactions on Communications},
  volume={68},
  number={8},
  pages={4747--4760},
  year={2020},
  publisher={IEEE}
}
@INPROCEEDINGS{8647438,
  author={Chu, Man and Li, Hang and Liao, Xuewen and Cui, Shuguang},
  booktitle={2018 IEEE Global Communications Conference}, 
  title={{Reinforcement Learning Based Multi-Access Control with Energy Harvesting}}, 
  year={2018},
  volume={},
  number={},
  pages={1-6},
  ISSN={2576-6813},
  month={Dec},}

@article{zahid2018tradeoff,
  title={On the tradeoff between performance and programmability for software defined WiFi networks},
  author={Zahid, Tausif and Hei, Xiaojun and Cheng, Wenqing and Ahmad, Adeel and Maruf, Pasha and others},
  journal={Wireless Communications and Mobile Computing},
  volume={2018},
  year={2018},
  publisher={Hindawi}
}

@inproceedings{zhang2020delay,
  title={Delay-aware cellular traffic scheduling with deep reinforcement learning},
  author={Zhang, Ticao and Shen, Shuyi and Mao, Shiwen and Chang, Gee-Kung},
  booktitle={2020 IEEE Global Communications Conference},
  pages={1--6},
  year={2020},
  organization={IEEE}
}

@ARTICLE{802.11e,
  author={},
  journal={IEEE Std 802.11e-2005 (Amendment to IEEE Std 802.11, 1999 Edition (Reaff 2003)}, 
  title={{IEEE Standard for Information technology--Local and metropolitan area networks--Specific requirements--Part 11: Wireless LAN Medium Access Control (MAC) and Physical Layer (PHY) Specifications - Amendment 8: Medium Access Control (MAC) Quality of Service Enhancements}}, 
  year={2005},
  volume={},
  number={},
  pages={1-212},
  ISSN={},
month={11},}

@article{vaswani2017attention,
  title={{Attention is all you need}},
  author={Vaswani, Ashish and Shazeer, Noam and Parmar, Niki and Uszkoreit, Jakob and Jones, Llion and Gomez, Aidan N and Kaiser, {\L}ukasz and Polosukhin, Illia},
  journal={Advances in neural information processing systems},
  volume={30},
  year={2017}
}

@INPROCEEDINGS{8927868,
  author={Wang, Jian and Xu, Chen and Huangfu, Yourui and Li, Rong and Ge, Yiqun and Wang, Jun},
  booktitle={2019 11th International Conference on Wireless Communications and Signal Processing}, 
  title={Deep Reinforcement Learning for Scheduling in Cellular Networks}, 
  year={2019},
  volume={},
  number={},
  pages={1-6},
  ISSN={2472-7628},
  month={10},
}


@ARTICLE{zhang2020drlthoughput,
  author={Zhang, Jiazhen and Tao, Xiaofeng and Wu, Huici and Zhang, Ning and Zhang, Xuefei},
  journal={IEEE Internet of Things Journal}, 
  title={Deep Reinforcement Learning for Throughput Improvement of the Uplink Grant-Free NOMA System}, 
  year={2020},
  volume={7},
  number={7},
  pages={6369-6379},
  ISSN={2327-4662},
  month={7},}

@INPROCEEDINGS{xu2020buffer,
  author={Xu, Chen and Wang, Jian and Yu, Tianhang and Kong, Chuili and Huangfu, Yourui and Li, Rong and Ge, Yiqun and Wang, Jun},
  booktitle={2020 IEEE Wireless Communications and Networking Conference}, 
  title={Buffer-aware Wireless Scheduling based on Deep Reinforcement Learning}, 
  year={2020},
  volume={},
  number={},
  pages={1-6},
  ISSN={1558-2612},
  month={5},
}

@INPROCEEDINGS{wu2022aoi,
  author={Wu, Chien-Cheng and etc.},
  booktitle={2022 IEEE 95th Vehicular Technology Conference}, 
  title={AoI and Throughput Optimization for Hybrid Traffic in Cellular Uplink Using Reinforcement Learning}, 
  year={2022},
  volume={},
  number={},
  pages={1-6},
  ISSN={2577-2465},
  month={6},
}
@ARTICLE{9839316,
  author={Mlika, Zoubeir and Cherkaoui, Soumaya},
  journal={IEEE Transactions on Intelligent Transportation Systems}, 
  title={Deep Deterministic Policy Gradient to Minimize the Age of Information in Cellular V2X Communications}, 
  year={2022},
  volume={23},
  number={12},
  pages={23597-23612},
  ISSN={1558-0016},
  month={12},}
