//===================== Self References =====================//
% [1]
@INPROCEEDINGS{msn2020-hong,
author={Hong, Yuncong and Lv, Bojie and Wang, Rui and Tan, Haisheng and Han, Zhenhua and Zhou, Hao and Lau, Francis C.M.},
booktitle={2020 16th International Conference on Mobility, Sensing and Networking}, 
title={Online Distributed Job Dispatching with Outdated and Partially-Observable Information}, 
year={2020},
volume={},
number={},
pages={315-322},
}

% [2]
@ARTICLE{jiot2021-hong,
author={Hong, Yuncong and Lv, Bojie and Wang, Rui and Tan, Haisheng and Han, Zhenhua and Lau, Francis C. M.},
journal={IEEE Internet of Things Journal}, 
title={Distributed Job Dispatching in Edge Computing Networks With Random Transmission Latency: A Low-Complexity POMDP Approach}, 
year={2022},
volume={9},
number={6},
pages={4152-4167},
}

% [3]
@unpublished{tcom2023-hong,
  author = {Hong, Yuncong and Lv, Bojie and Wang, Shuai and Wang Rui, and Tan Haisheng, and Lau, Francis C. M.},
  note   = {Submitted to IEEE Transactions on Vehicular Technology},
  title  = {FedCars: A Simulator-Driven Uplink Scheduling Framework for Efficient In-Vehicle Federated Edge Learning},
  year   = {2023}
}

% [4]
@inproceedings{icra2021-hong,
  title={Distributed dynamic map fusion via federated learning for intelligent networked vehicles},
  author={Zhang, Zijian and Wang, Shuai and Hong, Yuncong and Zhou, Liangkai and Hao, Qi},
  booktitle={2021 IEEE International Conference on Robotics and Automation},
  pages={953--959},
  year={2021},
  organization={IEEE}
}

% [5]
@article{tcom2022-hong,
  title={Edge federated learning via unit-modulus over-the-air computation},
  author={Wang, Shuai and Hong, Yuncong and Wang, Rui and Hao, Qi and Wu, Yik-Chung and Ng, Derrick Wing Kwan},
  journal={IEEE Transactions on Communications},
  volume={70},
  number={5},
  pages={3141--3156},
  year={2022},
  publisher={IEEE}
}

% [6]
@article{tvt2020-hong,
  title={Learning centric wireless resource allocation for edge computing: Algorithm and experiment},
  author={Zhou, Liangkai and Hong, Yuncong and Wang, Shuai and Han, Ruihua and Li, Dachuan and Wang, Rui and Hao, Qi},
  journal={IEEE Transactions on Vehicular Technology},
  volume={70},
  number={1},
  pages={1035--1040},
  year={2020},
  publisher={IEEE}
}

% [7]
@article{jcin2020-hong,
  title={Cooperative jobs dispatching in edge computing network with unpredictable uploading delay},
  author={Lyu, Bojie and Hong, Yuncong and Tan, Haisheng and Han, Zhenhua and Wang, Rui},
  journal={Journal of Communications and Information Networks},
  volume={5},
  number={1},
  pages={75--85},
  year={2020},
  publisher={PTP}
}

% [8]
@article{commag2022-hong,
  title={Robotic wireless energy transfer in dynamic environments: system design and experimental validation},
  author={Wang, Shuai and Han, Ruihua and Hong, Yuncong and Hao, Qi and Wen, Miaowen and Musavian, Leila and Mumtaz, Shahid and Ng, Derrick Wing Kwan},
  journal={IEEE Communications Magazine},
  volume={60},
  number={3},
  pages={40--46},
  year={2022},
  publisher={IEEE}
}

% [9]
@ARTICLE{tnet2022-hong,
  author={Han, Zhenhua and Tan, Haisheng and Wang, Rui and Hong, Yuncong and Lau, Francis C. M.},
  journal={IEEE/ACM Transactions on Networking}, 
  title={Efficient Online Learning Based Cross-Tier Uplink Scheduling in HetNets}, 
  year={2022},
  volume={30},
  number={6},
  pages={2389-2402},
}
